<?xml version="1.0" encoding="UTF-8"?><collection xmlns="http://www.loc.gov/MARC21/slim"><record><leader>00342nam--2200133-i-4500</leader><controlfield tag="001">000037283</controlfield><controlfield tag="002">20161230</controlfield><controlfield tag="005">20161230201041</controlfield><controlfield tag="008">060222s1000------------r-----000-0-eng-d</controlfield><datafield ind1=" " ind2=" " tag="080"><subfield code="a">530.145.6(076.1)</subfield></datafield><datafield ind1=" " ind2=" " tag="245"><subfield code="a">Problems in quantum mechanics. third edition</subfield></datafield><datafield ind1=" " ind2=" " tag="260"><subfield code="a">London, Pion Limited, 1975, 443p</subfield></datafield><datafield ind1=" " ind2=" " tag="700"><subfield code="a">Haar, Ter D</subfield></datafield><datafield ind1=" " ind2=" " tag="852"><subfield code="a">45355</subfield></datafield></record></collection>